<?xml version="1.0" encoding="UTF-8"?><record xmlns="http://www.loc.gov/MARC21/slim" xmlns:cinclude="http://apache.org/cocoon/include/1.0" xmlns:zs="http://www.loc.gov/zing/srw/">
  <leader>00476nz  a2200133n  4500</leader>
  <controlfield tag="001">nr 90002720 </controlfield>
  <controlfield tag="003">DLC</controlfield>
  <controlfield tag="005">19900228060216.7</controlfield>
  <controlfield tag="008">900226n| acannaab|          |a aaa     c</controlfield>
  <datafield tag="010" ind1=" " ind2=" ">
    <subfield code="a">nr 90002720 </subfield>
  </datafield>
  <datafield tag="040" ind1=" " ind2=" ">
    <subfield code="a">NjP</subfield>
    <subfield code="c">NjP</subfield>
  </datafield>
  <datafield tag="100" ind1="1" ind2="0">
    <subfield code="a">Fontannaz, M.</subfield>
    <subfield code="q">(Michel)</subfield>
  </datafield>
  <datafield tag="400" ind1="1" ind2="0">
    <subfield code="a">Fontannaz, Michel</subfield>
  </datafield>
  <datafield tag="670" ind1=" " ind2=" ">
    <subfield code="a">Inter. Works. on High pT Phys. and Higher Twists (1988 : Paris, France). High pT physics and higher twists, 1989:</subfield>
    <subfield code="b">t.p. (M. Fontannaz, Univ. Paris-Sud, Orsay) p. 7 (Michel Fontannaz)</subfield>
  </datafield>
</record>